%YAML 1.1
%TAG !u! tag:unity3d.com,2011:
--- !u!114 &-6841190228952127584
MonoBehaviour:
  m_ObjectHideFlags: 1
  m_CorrespondingSourceObject: {fileID: 0}
  m_PrefabInstance: {fileID: 0}
  m_PrefabAsset: {fileID: 0}
  m_GameObject: {fileID: 0}
  m_Enabled: 1
  m_EditorHideFlags: 0
  m_Script: {fileID: 11500000, guid: 5da7c8b5526ba2a488aa2d244d624e08, type: 3}
  m_Name: MoveToShootPosition
  m_EditorClassIdentifier: 
  preOrderIndex: 3
  title: 
  comment: 
  bonsaiNodePosition: {x: -523, y: 190.5}
  tagTarget: Player
  targetDistance: 2
--- !u!114 &-6587126746086414730
MonoBehaviour:
  m_ObjectHideFlags: 1
  m_CorrespondingSourceObject: {fileID: 0}
  m_PrefabInstance: {fileID: 0}
  m_PrefabAsset: {fileID: 0}
  m_GameObject: {fileID: 0}
  m_Enabled: 1
  m_EditorHideFlags: 0
  m_Script: {fileID: 11500000, guid: 6290070e5b743314084c4bf4d7201fe5, type: 3}
  m_Name: Wait
  m_EditorClassIdentifier: 
  preOrderIndex: 8
  title: 
  comment: 
  bonsaiNodePosition: {x: 465.5, y: 190.5}
  timer:
    interval: 1
    deviation: 0
--- !u!114 &-4364214998518447470
MonoBehaviour:
  m_ObjectHideFlags: 1
  m_CorrespondingSourceObject: {fileID: 0}
  m_PrefabInstance: {fileID: 0}
  m_PrefabAsset: {fileID: 0}
  m_GameObject: {fileID: 0}
  m_Enabled: 1
  m_EditorHideFlags: 0
  m_Script: {fileID: 11500000, guid: 9b5e4c7bb706ee14eae9c07a7644a37a, type: 3}
  m_Name: Repeater
  m_EditorClassIdentifier: 
  preOrderIndex: 0
  title: 
  comment: 
  bonsaiNodePosition: {x: -73.5, y: -229.5}
  child: {fileID: -3996093333430513580}
  loopCount: 1
  infiniteLoop: 1
--- !u!114 &-3996093333430513580
MonoBehaviour:
  m_ObjectHideFlags: 1
  m_CorrespondingSourceObject: {fileID: 0}
  m_PrefabInstance: {fileID: 0}
  m_PrefabAsset: {fileID: 0}
  m_GameObject: {fileID: 0}
  m_Enabled: 1
  m_EditorHideFlags: 0
  m_Script: {fileID: 11500000, guid: 1ffd532fcd28735448b5f84b50925241, type: 3}
  m_Name: Parallel
  m_EditorClassIdentifier: 
  preOrderIndex: 1
  title: 
  comment: 
  bonsaiNodePosition: {x: -67.5, y: -109.5}
  children:
  - {fileID: 5122238521205203766}
  - {fileID: 3054256589730586300}
--- !u!114 &-1254319143656884760
MonoBehaviour:
  m_ObjectHideFlags: 1
  m_CorrespondingSourceObject: {fileID: 0}
  m_PrefabInstance: {fileID: 0}
  m_PrefabAsset: {fileID: 0}
  m_GameObject: {fileID: 0}
  m_Enabled: 1
  m_EditorHideFlags: 0
  m_Script: {fileID: 11500000, guid: b9067c505761681438337fdd6d78087a, type: 3}
  m_Name: ShootToTarget
  m_EditorClassIdentifier: 
  preOrderIndex: 7
  title: 
  comment: 
  bonsaiNodePosition: {x: 236.5, y: 190.5}
  tagTarget: Player
--- !u!114 &-143287559458756370
MonoBehaviour:
  m_ObjectHideFlags: 1
  m_CorrespondingSourceObject: {fileID: 0}
  m_PrefabInstance: {fileID: 0}
  m_PrefabAsset: {fileID: 0}
  m_GameObject: {fileID: 0}
  m_Enabled: 1
  m_EditorHideFlags: 0
  m_Script: {fileID: 11500000, guid: f98e42124d794d24baddf03f67db4d0b, type: 3}
  m_Name: Sequence
  m_EditorClassIdentifier: 
  preOrderIndex: 0
  title: 
  comment: 
  bonsaiNodePosition: {x: -40.5, y: 58.5}
  children: []
--- !u!114 &11400000
MonoBehaviour:
  m_ObjectHideFlags: 0
  m_CorrespondingSourceObject: {fileID: 0}
  m_PrefabInstance: {fileID: 0}
  m_PrefabAsset: {fileID: 0}
  m_GameObject: {fileID: 0}
  m_Enabled: 1
  m_EditorHideFlags: 0
  m_Script: {fileID: 11500000, guid: e327cacc628d65b4faa51b0a82bf63c2, type: 3}
  m_Name: SmallEnemy
  m_EditorClassIdentifier: 
  allNodes:
  - {fileID: -4364214998518447470}
  - {fileID: -3996093333430513580}
  - {fileID: 5122238521205203766}
  - {fileID: -6841190228952127584}
  - {fileID: 4233766300821603668}
  - {fileID: 3054256589730586300}
  - {fileID: 3730842646159129864}
  - {fileID: -1254319143656884760}
  - {fileID: -6587126746086414730}
  blackboard: {fileID: 7463931754177681154}
  actor: {fileID: 2968705175805736948, guid: 3ad5e120aa2dcbe42b9aa654ec600e24, type: 3}
  panPosition: {x: 35, y: -74}
  zoomPosition: {x: 1.9110302, y: 1.9110302}
  unusedNodes: []
--- !u!114 &1226048651047426909
MonoBehaviour:
  m_ObjectHideFlags: 1
  m_CorrespondingSourceObject: {fileID: 0}
  m_PrefabInstance: {fileID: 0}
  m_PrefabAsset: {fileID: 0}
  m_GameObject: {fileID: 0}
  m_Enabled: 1
  m_EditorHideFlags: 0
  m_Script: {fileID: 11500000, guid: 5b4d95aae8c1c7b478fe06adf233ef0c, type: 3}
  m_Name: Selector
  m_EditorClassIdentifier: 
  preOrderIndex: 0
  title: 
  comment: 
  bonsaiNodePosition: {x: -95, y: -133.5}
  children:
  - {fileID: 7963151725356179928}
--- !u!114 &3054256589730586300
MonoBehaviour:
  m_ObjectHideFlags: 1
  m_CorrespondingSourceObject: {fileID: 0}
  m_PrefabInstance: {fileID: 0}
  m_PrefabAsset: {fileID: 0}
  m_GameObject: {fileID: 0}
  m_Enabled: 1
  m_EditorHideFlags: 0
  m_Script: {fileID: 11500000, guid: f98e42124d794d24baddf03f67db4d0b, type: 3}
  m_Name: Sequence
  m_EditorClassIdentifier: 
  preOrderIndex: 5
  title: 
  comment: 
  bonsaiNodePosition: {x: 211.5, y: 46.5}
  children:
  - {fileID: 3730842646159129864}
  - {fileID: -1254319143656884760}
  - {fileID: -6587126746086414730}
--- !u!114 &3730842646159129864
MonoBehaviour:
  m_ObjectHideFlags: 1
  m_CorrespondingSourceObject: {fileID: 0}
  m_PrefabInstance: {fileID: 0}
  m_PrefabAsset: {fileID: 0}
  m_GameObject: {fileID: 0}
  m_Enabled: 1
  m_EditorHideFlags: 0
  m_Script: {fileID: 11500000, guid: 1985dc14c41170847a31f6b3dafbed3c, type: 3}
  m_Name: ExistMinimumDistanceToShoot
  m_EditorClassIdentifier: 
  preOrderIndex: 6
  title: 
  comment: 
  bonsaiNodePosition: {x: -102, y: 190.5}
  tagTarget: Player
  targetDistance: 10
  threshold: 1
--- !u!114 &4233766300821603668
MonoBehaviour:
  m_ObjectHideFlags: 1
  m_CorrespondingSourceObject: {fileID: 0}
  m_PrefabInstance: {fileID: 0}
  m_PrefabAsset: {fileID: 0}
  m_GameObject: {fileID: 0}
  m_Enabled: 1
  m_EditorHideFlags: 0
  m_Script: {fileID: 11500000, guid: 6290070e5b743314084c4bf4d7201fe5, type: 3}
  m_Name: Wait
  m_EditorClassIdentifier: 
  preOrderIndex: 4
  title: 
  comment: 
  bonsaiNodePosition: {x: -242.5, y: 190.5}
  timer:
    interval: 1
    deviation: 0
--- !u!114 &5122238521205203766
MonoBehaviour:
  m_ObjectHideFlags: 1
  m_CorrespondingSourceObject: {fileID: 0}
  m_PrefabInstance: {fileID: 0}
  m_PrefabAsset: {fileID: 0}
  m_GameObject: {fileID: 0}
  m_Enabled: 1
  m_EditorHideFlags: 0
  m_Script: {fileID: 11500000, guid: f98e42124d794d24baddf03f67db4d0b, type: 3}
  m_Name: Sequence
  m_EditorClassIdentifier: 
  preOrderIndex: 2
  title: 
  comment: 
  bonsaiNodePosition: {x: -364.5, y: 46.5}
  children:
  - {fileID: -6841190228952127584}
  - {fileID: 4233766300821603668}
--- !u!114 &7463931754177681154
MonoBehaviour:
  m_ObjectHideFlags: 1
  m_CorrespondingSourceObject: {fileID: 0}
  m_PrefabInstance: {fileID: 0}
  m_PrefabAsset: {fileID: 0}
  m_GameObject: {fileID: 0}
  m_Enabled: 1
  m_EditorHideFlags: 0
  m_Script: {fileID: 11500000, guid: 09a07908f6a5fd44e906d041ac135bfc, type: 3}
  m_Name: 
  m_EditorClassIdentifier: 
  keys: []
--- !u!114 &7963151725356179928
MonoBehaviour:
  m_ObjectHideFlags: 1
  m_CorrespondingSourceObject: {fileID: 0}
  m_PrefabInstance: {fileID: 0}
  m_PrefabAsset: {fileID: 0}
  m_GameObject: {fileID: 0}
  m_Enabled: 1
  m_EditorHideFlags: 0
  m_Script: {fileID: 11500000, guid: 822914705e95c4f40b065b030dc4487d, type: 3}
  m_Name: Print
  m_EditorClassIdentifier: 
  preOrderIndex: 0
  title: 
  comment: 
  bonsaiNodePosition: {x: -249.5, y: 34.5}
  message: Print node!
  logType: 0
--- !u!114 &7976896461360059971
MonoBehaviour:
  m_ObjectHideFlags: 1
  m_CorrespondingSourceObject: {fileID: 0}
  m_PrefabInstance: {fileID: 0}
  m_PrefabAsset: {fileID: 0}
  m_GameObject: {fileID: 0}
  m_Enabled: 1
  m_EditorHideFlags: 0
  m_Script: {fileID: 11500000, guid: 5b4d95aae8c1c7b478fe06adf233ef0c, type: 3}
  m_Name: Selector
  m_EditorClassIdentifier: 
  preOrderIndex: 0
  title: 
  comment: 
  bonsaiNodePosition: {x: -143, y: -13.5}
  children:
  - {fileID: 8865650056893307067}
--- !u!114 &8865650056893307067
MonoBehaviour:
  m_ObjectHideFlags: 1
  m_CorrespondingSourceObject: {fileID: 0}
  m_PrefabInstance: {fileID: 0}
  m_PrefabAsset: {fileID: 0}
  m_GameObject: {fileID: 0}
  m_Enabled: 1
  m_EditorHideFlags: 0
  m_Script: {fileID: 11500000, guid: 822914705e95c4f40b065b030dc4487d, type: 3}
  m_Name: Print
  m_EditorClassIdentifier: 
  preOrderIndex: 0
  title: 
  comment: 
  bonsaiNodePosition: {x: -249.5, y: 154.5}
  message: Print Node
  logType: 0
