%YAML 1.1
%TAG !u! tag:unity3d.com,2011:
--- !u!1 &2993962911071695235
GameObject:
  m_ObjectHideFlags: 0
  m_CorrespondingSourceObject: {fileID: 0}
  m_PrefabInstance: {fileID: 0}
  m_PrefabAsset: {fileID: 0}
  serializedVersion: 6
  m_Component:
  - component: {fileID: 8864886355459646808}
  - component: {fileID: 760554043256950878}
  - component: {fileID: 2851161739413241601}
  m_Layer: 0
  m_Name: WallCornerReverse
  m_TagString: Untagged
  m_Icon: {fileID: 0}
  m_NavMeshLayer: 0
  m_StaticEditorFlags: 0
  m_IsActive: 1
--- !u!4 &8864886355459646808
Transform:
  m_ObjectHideFlags: 0
  m_CorrespondingSourceObject: {fileID: 0}
  m_PrefabInstance: {fileID: 0}
  m_PrefabAsset: {fileID: 0}
  m_GameObject: {fileID: 2993962911071695235}
  m_LocalRotation: {x: -4.32978e-17, y: 0.7071067, z: 0.7071068, w: -4.3297806e-17}
  m_LocalPosition: {x: 4, y: 0, z: -9}
  m_LocalScale: {x: 1, y: 1, z: 1}
  m_Children:
  - {fileID: 2662585631086998366}
  - {fileID: 7421341875616451895}
  m_Father: {fileID: 0}
  m_RootOrder: 0
  m_LocalEulerAnglesHint: {x: 0, y: 0, z: 0}
--- !u!33 &760554043256950878
MeshFilter:
  m_ObjectHideFlags: 0
  m_CorrespondingSourceObject: {fileID: 0}
  m_PrefabInstance: {fileID: 0}
  m_PrefabAsset: {fileID: 0}
  m_GameObject: {fileID: 2993962911071695235}
  m_Mesh: {fileID: 8733429697405204941, guid: a63db827142ddd840bee70c55a61c237, type: 3}
--- !u!23 &2851161739413241601
MeshRenderer:
  m_ObjectHideFlags: 0
  m_CorrespondingSourceObject: {fileID: 0}
  m_PrefabInstance: {fileID: 0}
  m_PrefabAsset: {fileID: 0}
  m_GameObject: {fileID: 2993962911071695235}
  m_Enabled: 1
  m_CastShadows: 1
  m_ReceiveShadows: 1
  m_DynamicOccludee: 1
  m_MotionVectors: 1
  m_LightProbeUsage: 1
  m_ReflectionProbeUsage: 1
  m_RayTracingMode: 2
  m_RayTraceProcedural: 0
  m_RenderingLayerMask: 1
  m_RendererPriority: 0
  m_Materials:
  - {fileID: 2100000, guid: 922537511781ec34fbffeeb40e2321f1, type: 2}
  m_StaticBatchInfo:
    firstSubMesh: 0
    subMeshCount: 0
  m_StaticBatchRoot: {fileID: 0}
  m_ProbeAnchor: {fileID: 0}
  m_LightProbeVolumeOverride: {fileID: 0}
  m_ScaleInLightmap: 1
  m_ReceiveGI: 1
  m_PreserveUVs: 0
  m_IgnoreNormalsForChartDetection: 0
  m_ImportantGI: 0
  m_StitchLightmapSeams: 1
  m_SelectedEditorRenderState: 3
  m_MinimumChartSize: 4
  m_AutoUVMaxDistance: 0.5
  m_AutoUVMaxAngle: 89
  m_LightmapParameters: {fileID: 0}
  m_SortingLayerID: 0
  m_SortingLayer: 0
  m_SortingOrder: 0
  m_AdditionalVertexStreams: {fileID: 0}
--- !u!1 &3780544657816541676
GameObject:
  m_ObjectHideFlags: 0
  m_CorrespondingSourceObject: {fileID: 0}
  m_PrefabInstance: {fileID: 0}
  m_PrefabAsset: {fileID: 0}
  serializedVersion: 6
  m_Component:
  - component: {fileID: 7421341875616451895}
  - component: {fileID: 1690406694899284017}
  - component: {fileID: 4209419034955978606}
  m_Layer: 0
  m_Name: Wall (2)
  m_TagString: Untagged
  m_Icon: {fileID: 0}
  m_NavMeshLayer: 0
  m_StaticEditorFlags: 0
  m_IsActive: 1
--- !u!4 &7421341875616451895
Transform:
  m_ObjectHideFlags: 0
  m_CorrespondingSourceObject: {fileID: 0}
  m_PrefabInstance: {fileID: 0}
  m_PrefabAsset: {fileID: 0}
  m_GameObject: {fileID: 3780544657816541676}
  m_LocalRotation: {x: 0.000000029802322, y: 0.00000011920929, z: -0.7071056, w: 0.707108}
  m_LocalPosition: {x: -2, y: 1.9999998, z: 0.00000047683716}
  m_LocalScale: {x: 1, y: 1, z: 1}
  m_Children: []
  m_Father: {fileID: 8864886355459646808}
  m_RootOrder: 1
  m_LocalEulerAnglesHint: {x: 0, y: 0, z: -90}
--- !u!33 &1690406694899284017
MeshFilter:
  m_ObjectHideFlags: 0
  m_CorrespondingSourceObject: {fileID: 0}
  m_PrefabInstance: {fileID: 0}
  m_PrefabAsset: {fileID: 0}
  m_GameObject: {fileID: 3780544657816541676}
  m_Mesh: {fileID: 8733429697405204941, guid: a63db827142ddd840bee70c55a61c237, type: 3}
--- !u!23 &4209419034955978606
MeshRenderer:
  m_ObjectHideFlags: 0
  m_CorrespondingSourceObject: {fileID: 0}
  m_PrefabInstance: {fileID: 0}
  m_PrefabAsset: {fileID: 0}
  m_GameObject: {fileID: 3780544657816541676}
  m_Enabled: 1
  m_CastShadows: 1
  m_ReceiveShadows: 1
  m_DynamicOccludee: 1
  m_MotionVectors: 1
  m_LightProbeUsage: 1
  m_ReflectionProbeUsage: 1
  m_RayTracingMode: 2
  m_RayTraceProcedural: 0
  m_RenderingLayerMask: 1
  m_RendererPriority: 0
  m_Materials:
  - {fileID: 2100000, guid: 922537511781ec34fbffeeb40e2321f1, type: 2}
  m_StaticBatchInfo:
    firstSubMesh: 0
    subMeshCount: 0
  m_StaticBatchRoot: {fileID: 0}
  m_ProbeAnchor: {fileID: 0}
  m_LightProbeVolumeOverride: {fileID: 0}
  m_ScaleInLightmap: 1
  m_ReceiveGI: 1
  m_PreserveUVs: 0
  m_IgnoreNormalsForChartDetection: 0
  m_ImportantGI: 0
  m_StitchLightmapSeams: 1
  m_SelectedEditorRenderState: 3
  m_MinimumChartSize: 4
  m_AutoUVMaxDistance: 0.5
  m_AutoUVMaxAngle: 89
  m_LightmapParameters: {fileID: 0}
  m_SortingLayerID: 0
  m_SortingLayer: 0
  m_SortingOrder: 0
  m_AdditionalVertexStreams: {fileID: 0}
--- !u!1001 &5104547065556463269
PrefabInstance:
  m_ObjectHideFlags: 0
  serializedVersion: 2
  m_Modification:
    m_TransformParent: {fileID: 8864886355459646808}
    m_Modifications:
    - target: {fileID: 4454204054865992362, guid: 6b86c5be4b36ee04fba707ccb6d777db, type: 3}
      propertyPath: m_Name
      value: WallMini (1)
      objectReference: {fileID: 0}
    - target: {fileID: 7072227034750950907, guid: 6b86c5be4b36ee04fba707ccb6d777db, type: 3}
      propertyPath: m_LocalPosition.x
      value: -1.2859998
      objectReference: {fileID: 0}
    - target: {fileID: 7072227034750950907, guid: 6b86c5be4b36ee04fba707ccb6d777db, type: 3}
      propertyPath: m_LocalPosition.y
      value: -0.02900028
      objectReference: {fileID: 0}
    - target: {fileID: 7072227034750950907, guid: 6b86c5be4b36ee04fba707ccb6d777db, type: 3}
      propertyPath: m_LocalPosition.z
      value: 0
      objectReference: {fileID: 0}
    - target: {fileID: 7072227034750950907, guid: 6b86c5be4b36ee04fba707ccb6d777db, type: 3}
      propertyPath: m_LocalRotation.x
      value: 0.000000029802322
      objectReference: {fileID: 0}
    - target: {fileID: 7072227034750950907, guid: 6b86c5be4b36ee04fba707ccb6d777db, type: 3}
      propertyPath: m_LocalRotation.y
      value: 0.000000059604645
      objectReference: {fileID: 0}
    - target: {fileID: 7072227034750950907, guid: 6b86c5be4b36ee04fba707ccb6d777db, type: 3}
      propertyPath: m_LocalRotation.z
      value: -0.3826828
      objectReference: {fileID: 0}
    - target: {fileID: 7072227034750950907, guid: 6b86c5be4b36ee04fba707ccb6d777db, type: 3}
      propertyPath: m_LocalRotation.w
      value: 0.92387986
      objectReference: {fileID: 0}
    - target: {fileID: 7072227034750950907, guid: 6b86c5be4b36ee04fba707ccb6d777db, type: 3}
      propertyPath: m_RootOrder
      value: 0
      objectReference: {fileID: 0}
    - target: {fileID: 7072227034750950907, guid: 6b86c5be4b36ee04fba707ccb6d777db, type: 3}
      propertyPath: m_LocalEulerAnglesHint.x
      value: -90
      objectReference: {fileID: 0}
    - target: {fileID: 7072227034750950907, guid: 6b86c5be4b36ee04fba707ccb6d777db, type: 3}
      propertyPath: m_LocalEulerAnglesHint.y
      value: 0
      objectReference: {fileID: 0}
    - target: {fileID: 7072227034750950907, guid: 6b86c5be4b36ee04fba707ccb6d777db, type: 3}
      propertyPath: m_LocalEulerAnglesHint.z
      value: -225
      objectReference: {fileID: 0}
    - target: {fileID: 7072227034750950907, guid: 6b86c5be4b36ee04fba707ccb6d777db, type: 3}
      propertyPath: m_LocalScale.y
      value: 1
      objectReference: {fileID: 0}
    - target: {fileID: 7072227034750950907, guid: 6b86c5be4b36ee04fba707ccb6d777db, type: 3}
      propertyPath: m_LocalScale.z
      value: 1
      objectReference: {fileID: 0}
    m_RemovedComponents: []
  m_SourcePrefab: {fileID: 100100000, guid: 6b86c5be4b36ee04fba707ccb6d777db, type: 3}
--- !u!4 &2662585631086998366 stripped
Transform:
  m_CorrespondingSourceObject: {fileID: 7072227034750950907, guid: 6b86c5be4b36ee04fba707ccb6d777db, type: 3}
  m_PrefabInstance: {fileID: 5104547065556463269}
  m_PrefabAsset: {fileID: 0}
